@article{handelsman2004metagenomics,
  title={Metagenomics: application of genomics to uncultured microorganisms},
  author={Handelsman, Jo},
  journal={Microbiology and molecular biology reviews},
  volume={68},
  number={4},
  pages={669--685},
  year={2004},
  publisher={Am Soc Microbiol}
}
@article{doi:10.1093/bib/bbt067,
author = {Song, Kai and Ren, Jie and Reinert, Gesine and Deng, Minghua and Waterman, Michael S. and Sun, Fengzhu},
title = {New developments of alignment-free sequence comparison: measures, statistics and next-generation sequencing},
journal = {Briefings in Bioinformatics},
volume = {15},
number = {3},
pages = {343-353},
year = {2014},
doi = {10.1093/bib/bbt067},
URL = { + http://dx.doi.org/10.1093/bib/bbt067},
eprint = {/oup/backfile/content_public/journal/bib/15/3/10.1093/bib/bbt067/2/bbt067.pdf}
}
@Article{Laczny2014,
author={Laczny, Cedric C.
and Pinel, Nicol{\'a}s
and Vlassis, Nikos
and Wilmes, Paul},
title={Alignment-free Visualization of Metagenomic Data by Nonlinear Dimension Reduction},
journal={Scientific Reports},
year={2014},
month={Mar},
day={31},
publisher={The Author(s) SN  -},
volume={4},
pages={4516 EP  -},
note={Article},
url={http://dx.doi.org/10.1038/srep04516}
}

@article{STREIT2004492,
title = "Metagenomics â€“ the key to the uncultured microbes",
journal = "Current Opinion in Microbiology",
volume = "7",
number = "5",
pages = "492 - 498",
year = "2004",
issn = "1369-5274",
doi = "https://doi.org/10.1016/j.mib.2004.08.002",
url = "http://www.sciencedirect.com/science/article/pii/S1369527404000967",
author = "Wolfgang R Streit and Ruth A Schmitz"
}
@article{KAKIRDE20101911,
title = "Size does matter: Application-driven approaches for soil metagenomics",
journal = "Soil Biology and Biochemistry",
volume = "42",
number = "11",
pages = "1911 - 1923",
year = "2010",
issn = "0038-0717",
doi = "https://doi.org/10.1016/j.soilbio.2010.07.021",
url = "http://www.sciencedirect.com/science/article/pii/S0038071710002695",
author = "Kavita S. Kakirde and Larissa C. Parsley and Mark R. Liles",
keywords = "Soil, Metagenomics, Metagenomic library construction, PCR, Pyrosequencing, 16S rRNA, High molecular weight DNA, Cosmid, Fosmid, BAC"
}

